@incollection{Bengio+chapter2007,
author = {Bengio, Yoshua and LeCun, Yann},
booktitle = {Large Scale Kernel Machines},
publisher = {MIT Press},
title = {Scaling Learning Algorithms Towards {AI}},
year = {2007}
}

@article{Hinton06,
author = {Hinton, Geoffrey E. and Osindero, Simon and Teh, Yee Whye},
journal = {Neural Computation},
pages = {1527--1554},
title = {A Fast Learning Algorithm for Deep Belief Nets},
volume = {18},
year = {2006}
}

@book{goodfellow2016deep,
title={Deep learning},
author={Goodfellow, Ian and Bengio, Yoshua and Courville, Aaron and Bengio, Yoshua},
volume={1},
year={2016},
publisher={MIT Press}
}

@article{belkin2003laplacian,
  title={Laplacian eigenmaps for dimensionality reduction and data representation},
  author={Belkin, Mikhail and Niyogi, Partha},
  journal={Neural computation},
  volume={15},
  number={6},
  pages={1373--1396},
  year={2003},
  publisher={MIT Press}
}
@book{chung1997spectral,
  title={Spectral graph theory},
  author={Chung, Fan RK and Graham, Fan Chung},
  number={92},
  year={1997},
  publisher={American Mathematical Soc.}
}

@article{borg2003modern,
  title={Modern multidimensional scaling: Theory and applications},
  author={Borg, Ingwer and Groenen, Patrick},
  journal={Journal of Educational Measurement},
  volume={40},
  number={3},
  pages={277--280},
  year={2003},
  publisher={Wiley Online Library}
}

@book{cox2000multidimensional,
  title={Multidimensional scaling},
  author={Cox, Trevor F and Cox, Michael AA},
  year={2000},
  publisher={Chapman and hall/CRC}
}
